<collection xmlns="http://www.loc.gov/MARC21/slim"><record><leader>00846nam  2200253   450</leader><controlfield tag="001">951</controlfield><controlfield tag="003">http://montalegre.opacnet.com/OPAC/default.aspx?ContentAreaControl=ShowRegHoldings.ascx&amp;RegNo=16662</controlfield><datafield tag="021" ind1=" " ind2=" "><subfield code="a">PT</subfield><subfield code="b">22337/88</subfield></datafield><datafield tag="095" ind1=" " ind2=" "><subfield code="a">PTBN00130250</subfield></datafield><datafield tag="100" ind1=" " ind2=" "><subfield code="a">19881013d1988    m  y0pora010305  ba</subfield></datafield><datafield tag="101" ind1="1" ind2=" "><subfield code="a">por</subfield><subfield code="c">fre</subfield></datafield><datafield tag="102" ind1=" " ind2=" "><subfield code="a">PT</subfield></datafield><datafield tag="200" ind1="1" ind2=" "><subfield code="a">&lt;As &gt;paixões partilhadas</subfield><subfield code="f">Félicien Marceau</subfield><subfield code="g">trad. Fernanda Pinto Rodrigues</subfield></datafield><datafield tag="205" ind1=" " ind2=" "><subfield code="a">1ª ed</subfield></datafield><datafield tag="210" ind1=" " ind2=" "><subfield code="a">Lisboa</subfield><subfield code="c">Gradiva</subfield><subfield code="d">1988</subfield></datafield><datafield tag="215" ind1=" " ind2=" "><subfield code="a">221 p.</subfield><subfield code="d">24 cm</subfield></datafield><datafield tag="225" ind1="2" ind2=" "><subfield code="a">Gradiva</subfield><subfield code="v">9</subfield></datafield><datafield tag="304" ind1=" " ind2=" "><subfield code="a">Tít. orig. : Les passions partagées</subfield></datafield><datafield tag="675" ind1=" " ind2=" "><subfield code="a">840-31 Marceau, Felicien</subfield><subfield code="v">BN</subfield><subfield code="z">por</subfield></datafield><datafield tag="700" ind1=" " ind2="1"><subfield code="a">Marceau</subfield><subfield code="b">Félicien</subfield><subfield code="c">pseud.</subfield></datafield><datafield tag="702" ind1=" " ind2="1"><subfield code="a">Rodrigues</subfield><subfield code="b">Fernanda Pinto</subfield><subfield code="4">730</subfield></datafield><datafield tag="801" ind1=" " ind2="0"><subfield code="a">PT</subfield><subfield code="b">Biblioteca Municipal de Montalegre</subfield><subfield code="g">RPC</subfield></datafield><datafield tag="856" ind1=" " ind2=" "><subfield code="u">locateMedia.asp?cod=20060703111842&amp;ext=jpg</subfield><subfield code="z">CAPA</subfield></datafield><datafield tag="909" ind1="&#9;" ind2=" "><subfield code="a">2</subfield></datafield><datafield tag="966" ind1=" " ind2=" "><subfield code="a">0009340</subfield><subfield code="l">BMM</subfield><subfield code="s">SCG 821 MAR pai 9</subfield></datafield><datafield tag="966" ind1=" " ind2=" "><subfield code="a">0009341</subfield><subfield code="l">BMM</subfield><subfield code="s">SCG 821 MAR pai 9</subfield></datafield></record></collection>